@book{Goodfellow-et-al-2016,
    title={Deep Learning},
    author={Ian Goodfellow and Yoshua Bengio and Aaron Courville},
    publisher={MIT Press},
    note={http://www.deeplearningbook.org},
    url ={http://www.deeplearningbook.org/contents/representation.html},
    year={2016}
}

@article{DBLP:journals/corr/SantoroBBWL16,
  author    = {Adam Santoro and
               Sergey Bartunov and
               Matthew Botvinick and
               Daan Wierstra and
               Timothy P. Lillicrap},
  title     = {One-shot Learning with Memory-Augmented Neural Networks},
  journal   = {CoRR},
  volume    = {abs/1605.06065},
  year      = {2016},
  url       = {http://arxiv.org/abs/1605.06065},
  timestamp = {Wed, 01 Jun 2016 15:51:07 +0200},
  biburl    = {http://dblp.uni-trier.de/rec/bib/journals/corr/SantoroBBWL16},
  bibsource = {dblp computer science bibliography, http://dblp.org}
}

@article{DBLP:journals/corr/YosinskiCBL14,
  author    = {Jason Yosinski and
               Jeff Clune and
               Yoshua Bengio and
               Hod Lipson},
  title     = {How transferable are features in deep neural networks?},
  journal   = {CoRR},
  volume    = {abs/1411.1792},
  year      = {2014},
  url       = {http://arxiv.org/abs/1411.1792},
  timestamp = {Mon, 01 Dec 2014 14:32:13 +0100},
  biburl    = {http://dblp.uni-trier.de/rec/bib/journals/corr/YosinskiCBL14},
  bibsource = {dblp computer science bibliography, http://dblp.org}
}
@article{DBLP:journals/corr/VinyalsBLKW16,
  author    = {Oriol Vinyals and
               Charles Blundell and
               Timothy P. Lillicrap and
               Koray Kavukcuoglu and
               Daan Wierstra},
  title     = {Matching Networks for One Shot Learning},
  journal   = {CoRR},
  volume    = {abs/1606.04080},
  year      = {2016},
  url       = {http://arxiv.org/abs/1606.04080},
  timestamp = {Fri, 01 Jul 2016 17:39:49 +0200},
  biburl    = {http://dblp.uni-trier.de/rec/bib/journals/corr/VinyalsBLKW16},
  bibsource = {dblp computer science bibliography, http://dblp.org}
}

@misc{1703.03400,
Author = {Chelsea Finn and Pieter Abbeel and Sergey Levine},
Title = {Model-Agnostic Meta-Learning for Fast Adaptation of Deep Networks},
Year = {2017},
Eprint = {arXiv:1703.03400},
}

@misc{olah, 
title={Understanding LSTM Networks}, 
url={http://colah.github.io/posts/2015-08-Understanding-LSTMs/}, 
note = {http://colah.github.io/posts/2015-08-Understanding-LSTMs/}, 
author=  {Christopher Olah},
}

@MISC{Lake_oneshot,
    author = {Brenden M. Lake and Ruslan Salakhutdinov and Jason Gross and Joshua B. Tenenbaum},
    title = {One shot learning of simple visual concepts},
    year = {2011}
}

@inproceedings{45801,
title = {Learning to Remember Rare Events},
author  = {Lukasz Kaiser and Ofir Nachum and Aurko Roy and Samy Bengio},
year  = 2017,
URL = {https://openreview.net/pdf?id=SJTQLdqlg}
}


@INPROCEEDINGS{6639211, 
author={O. Abdel-Hamid and H. Jiang}, 
booktitle={2013 IEEE International Conference on Acoustics, Speech and Signal Processing}, 
title={Fast speaker adaptation of hybrid NN/HMM model for speech recognition based on discriminative learning of speaker code}, 
year={2013}, 
pages={7942-7946}, 
keywords={backpropagation;hidden Markov models;neural nets;speaker recognition;adaptation NN weights;discriminative learning;fast speaker adaptation;generic adaptation neural network;generic speaker-independent feature space;hybrid NN-HMM model;joint training method;speaker codes;speech recognition;standard back-propagation algorithm;Adaptation models;Artificial neural networks;Hidden Markov models;Speech;Speech recognition;Training;Vectors;Fast Adaptation;Hybrid NNHMM;Neural Network;Speaker Code}, 
doi={10.1109/ICASSP.2013.6639211}, 
ISSN={1520-6149}, 
month={May},}

@inproceedings{42536,
title = {Improving DNN Speaker Independence with I-vector Inputs},
author  = {Andrew Senior and Ignacio Lopez-Moreno},
year  = 2014,
booktitle = {Proc. ICASSP}
}

 @misc{wiki:HMM,
   author = "Wikipedia",
   title = "Hidden Markov model --- Wikipedia{,} The Free Encyclopedia",
   year = "2017",
   url = "https://en.wikipedia.org/w/index.php?title=Hidden_Markov_model&oldid=775822681",
   note = "[Online; accessed 25-April-2017]"
 }
  @misc{wiki:GMM,
   author = "Wikipedia",
   title = "Mixture model --- Wikipedia{,} The Free Encyclopedia",
   year = "2017",
   url = "https://en.wikipedia.org/w/index.php?title=Mixture_model&oldid=775664506",
   note = "[Online; accessed 25-April-2017]"
 }

@article{lecun-mnisthandwrittendigit-2010,
  added-at = {2010-06-28T21:16:30.000+0200},
  author = {LeCun, Yann and Cortes, Corinna},
  biburl = {https://www.bibsonomy.org/bibtex/2935bad99fa1f65e03c25b315aa3c1032/mhwombat},
  groups = {public},
  howpublished = {http://yann.lecun.com/exdb/mnist/},
  interhash = {21b9d0558bd66279df9452562df6e6f3},
  intrahash = {935bad99fa1f65e03c25b315aa3c1032},
  keywords = {MSc _checked character_recognition mnist network neural},
  lastchecked = {2016-01-14 14:24:11},
  timestamp = {2016-07-12T19:25:30.000+0200},
  title = {{MNIST} handwritten digit database},
  url = {http://yann.lecun.com/exdb/mnist/},
  username = {mhwombat},
  year = 2010
}
